<collection xmlns="http://www.loc.gov/MARC21/slim">
<record>
  <leader>01839nam0a2200301 i 450 </leader>
  <controlfield tag="001">IT\ICCU\CNCE\017079</controlfield>
  <controlfield tag="005">20071009000000.0</controlfield>
  <datafield tag="012" ind1=" " ind2=" ">
    <subfield code="a">deel E.97 i,ue leia (3) 1583 (A)</subfield>
    <subfield code="2">fei</subfield>
  </datafield>
  <datafield tag="100" ind1=" " ind2=" ">
    <subfield code="a">19970101d1583        0itac0103    ba</subfield>
  </datafield>
  <datafield tag="101" ind1=" " ind2=" ">
    <subfield code="a">ITA</subfield>
  </datafield>
  <datafield tag="102" ind1=" " ind2=" ">
    <subfield code="a">IT</subfield>
  </datafield>
  <datafield tag="200" ind1="1" ind2=" ">
    <subfield code="a">Auisi di coloro che hanno cura di anime. Del reuerendiss. s. don Bernardo Diaz di Luco, vescouo di Calahorra, e della Calzada; tradotti di lingua spagnola in italiana da m. Giouanni Tarcagnota. Ristampati d&apos;ordine del molto ill. e reuerendiss. mons. Franc. Bossi vescouo di Nouara, et conte etc</subfield>
  </datafield>
  <datafield tag="210" ind1=" " ind2=" ">
    <subfield code="a">In Nouara</subfield>
    <subfield code="c">appr. F. Sesalli</subfield>
    <subfield code="d">1583</subfield>
  </datafield>
  <datafield tag="215" ind1=" " ind2=" ">
    <subfield code="a">\6!, 204 c.</subfield>
    <subfield code="d">16ʻ</subfield>
  </datafield>
  <datafield tag="620" ind1=" " ind2=" ">
    <subfield code="a">IT</subfield>
    <subfield code="d">Novara</subfield>
  </datafield>
  <datafield tag="700" ind1=" " ind2="1">
    <subfield code="a">Diaz de Lugo,</subfield>
    <subfield code="b">Juan Bernardo</subfield>
    <subfield code="3">IT\ICCU\CNCA\004808</subfield>
  </datafield>
  <datafield tag="702" ind1=" " ind2="1">
    <subfield code="a">Tarcagnota,</subfield>
    <subfield code="b">Giovanni</subfield>
    <subfield code="3">IT\ICCU\CNCA\001157</subfield>
  </datafield>
  <datafield tag="712" ind1="0" ind2="0">
    <subfield code="a">Sesalli, Francesco</subfield>
    <subfield code="3">IT\ICCU\CNCT\001031</subfield>
    <subfield code="4">650</subfield>
  </datafield>
  <datafield tag="790" ind1=" " ind2="1">
    <subfield code="a">Diaz de Luco,</subfield>
    <subfield code="b">Juan Bernardo</subfield>
    <subfield code="3">IT\ICCU\CNCA\004809</subfield>
    <subfield code="z">Diaz de Lugo, Juan Bernardo</subfield>
  </datafield>
  <datafield tag="790" ind1=" " ind2="1">
    <subfield code="a">Diaz de Lugo,</subfield>
    <subfield code="b">Juan Bernal</subfield>
    <subfield code="3">IT\ICCU\CNCA\004810</subfield>
    <subfield code="z">Diaz de Lugo, Juan Bernardo</subfield>
  </datafield>
  <datafield tag="790" ind1=" " ind2="1">
    <subfield code="a">Diaz de Lugo,</subfield>
    <subfield code="b">Bernardo</subfield>
    <subfield code="3">IT\ICCU\CNCA\019573</subfield>
    <subfield code="z">Diaz de Lugo, Juan Bernardo</subfield>
  </datafield>
  <datafield tag="791" ind1="0" ind2="0">
    <subfield code="a">Sexallus, Franciscus</subfield>
    <subfield code="3">IT\ICCU\CNCT\004090</subfield>
    <subfield code="z">Sesalli, Francesco</subfield>
  </datafield>
  <datafield tag="791" ind1="0" ind2="0">
    <subfield code="a">Sesallus, Franciscus</subfield>
    <subfield code="3">IT\ICCU\CNCT\005657</subfield>
    <subfield code="z">Sesalli, Francesco</subfield>
  </datafield>
  <datafield tag="791" ind1="0" ind2="0">
    <subfield code="a">Sesallo, Francesco</subfield>
    <subfield code="3">IT\ICCU\CNCT\005658</subfield>
    <subfield code="z">Sesalli, Francesco</subfield>
  </datafield>
  <datafield tag="801" ind1=" " ind2="3">
    <subfield code="a">IT</subfield>
    <subfield code="b">ICCU</subfield>
    <subfield code="c">20201114</subfield>
  </datafield>
  <datafield tag="899" ind1=" " ind2=" ">
    <subfield code="a">Biblioteca comunale Carlo Negroni. Novara</subfield>
    <subfield code="1">NO0054</subfield>
    <subfield code="2">TO0 08</subfield>
  </datafield>
  <datafield tag="911" ind1=" " ind2=" ">
    <subfield code="a">Sul front.</subfield>
    <subfield code="9">IT\ICCU\CNCM\000616</subfield>
  </datafield>
  <datafield tag="921" ind1=" " ind2=" ">
    <subfield code="a">IT\ICCU\CNCM\000616</subfield>
    <subfield code="b">Sei ali sporgenti da una colonna sormontata da una stella.</subfield>
    <subfield code="e">1) Io fermo il volo ove mia stella vuole 2) Io fermo il volo ove mia stella sale 3) Diis auspicibus et celeri constantia 4)  Velox ut ales firmus ut columna</subfield>
    <subfield code="c">Z29</subfield>
    <subfield code="d">Dimensioni: 4 x 4,7. Con o senza motto</subfield>
    <subfield code="f">ALI</subfield>
    <subfield code="f">COLONNA</subfield>
    <subfield code="f">STELLA</subfield>
    <subfield code="g">1554-1593</subfield>
  </datafield>
</record>
</collection>
